

 @article{annurev-biophys,
author = {Kinz-Thompson, C.D. and Ray, K.K. and Gonzalez, Jr, R.L.},
title = {Bayesian Inference: The Comprehensive Approach to Analyzing Single-Molecule Experiments},
journal = {Annual Review of Biophysics},
volume = {50},
DOI={10.1146/annurev-biophys-082120-103921},
number = {1},
pages = {191-208},
year = 2021
}

  @article{bronson, 
  title={Learning Rates and States from Biophysical Time Series: A Bayesian Approach to Model Selection and Single-Molecule FRET Data}, 
  volume={97}, 
  DOI={10.1016/j.bpj.2009.09.031}, 
  number={12}, 
  journal={Biophysical Journal}, 
  author={Bronson, J. E. and Fei, Jingyi and Hofman, Jake M. and Gonzalez, Jr, R.L. and Wiggins, Chris H.}, year={2009}, 
  month={Dec}, 
  pages={3196–3205}
  } 
  
 @article{chung, 
 title={Forward-Backward Non-Linear Filtering Technique for Extracting Small Biological Signals from Noise}, 
 volume={40}, 
 DOI={10.1016/0165-0270(91)90118-j}, 
 number={1}, 
 journal={Journal of Neuroscience Methods}, 
 author={Chung, S.H. and Kennedy, R.A.}, 
 year={1991}, 
 month={Nov}, 
 pages={71–86}
 } 
 
  @article{van_de_Meent, 
  title={Empirical Bayes Methods Enable Advanced Population-Level Analyses of Single-Molecule FRET Experiments}, 
  volume={106}, 
  DOI={10.1016/j.bpj.2013.12.055}, 
  number={6}, 
  journal={Biophysical Journal}, 
  author={van de Meent, J.W. and Bronson, J.E.and Wiggins, C.H. and Gonzalez, Jr, R.L.}, 
  year=2014, 
  month={Mar}, 
  pages={1327–1337}
  } 
  
  @book{Bishop2006Pattern,
	series={Information Science and Statistics},
	isbn={978-0-387-31073-2},
	language={en},
	publisher={Springer-Verlag},
	address={New York},
	title={Pattern Recognition and Machine Learning},
	url={https://www.springer.com/gp/book/9780387310732},
	author={Bishop, Christopher},
	date=2006,
	year=2006
}

@article{MCKINNEY20061941,
title = {Analysis of Single-Molecule FRET Trajectories Using Hidden Markov Modeling},
journal = {Biophysical Journal},
volume = {91},
number = {5},
pages = {1941-1951},
year = {2006},
doi = {10.1529/biophysj.106.082487},
url = {https://www.sciencedirect.com/science/article/pii/S0006349506719038},
author = {S.A. McKinney and C. Joo and T. Ha}
}
 

@article{SMD,
title = {Single-Molecule Dataset (SMD): a Generalized Storage Format for Raw and Processed Single-Molecule Data},
journal = {BMC Bioinformatics},
volume = {16},
number = {3},
year = {2015},
doi = {10.1186/s12859-014-0429-4},
url = {https://www.sciencedirect.com/science/article/pii/S0006349506719038},
author = {M. Greenfeld and J.W. van de Meent and D.S. Pavlichin and H. Mabuchi and C.H. Wiggins and R.L. Gonzalez Jr and D. Herschlag}


}
